
@article{sae2014taxonomy,
  title={Taxonomy and definitions for terms related to on-road motor vehicle automated driving systems},
  author={SAE On-Road Automated Vehicle Standards Committee and others},
  journal={SAE Standard},
  year={2014}
}

@article{bach2017reactive,
  title={Reactive-replay approach for verification and validation of closed-loop control systems in early development},
  author={Bach, Johannes and Holzäpfel, Marc and Otten, Stefan and Sax, Eric},
  journal={SAE World Congress},
  year={2017}
}

@article{bock2008vehicle,
  title={Vehicle in the Loop: Ein innovativer Ansatz zur Kopplung virtueller mit realer Erprobung},
  author={Bock, Thomas and Maurer, Markus and van Meel, Franciscus and Müller, Thomas},
  journal={ATZ-Automobiltechnische Zeitschrift},
  year={2008}
}

@article{albers2010x,
  title={X-in-the-Loop-Framework für Fahrzeuge, Steuergeräte und Kommunikationssysteme},
  author={Albers, Albert and Düser, Tobias and Sander, Oliver and Roth, Christoph and Henning, Josef},
  journal={ATZelektronik},
  year={2010}
}

@article{schwab2014durchgangige,
  title={Durchgängige Testmethode für Assistenzsysteme},
  author={Schwab, Sebastian and Leichsenring, Tobias and Zofka, Marc René and Bär, Tobias},
  journal={ATZ-Automobiltechnische Zeitschrift},
  year={2014}
}

@inproceedings{king2017identification,
  title={Identifikation von Fahrszenarien während einer virtuellen Testfahrt},
  author={King, Christian and Bach, Johannes and Otten, Stefan and Sax, Eric},
  booktitle={INFORMATIK 2017},
  year={2017}
}

@incollection{pfeffer2016continuous,
  title={Continuous development of highly automated driving functions with vehicle-in-the-loop using the example of Euro NCAP scenarios},
  author={Pfeffer, Raphael and Leichsenring, Tobias},
  booktitle={Simulation and Testing for Vehicle Technology},
  year={2016}
}

@incollection{hakuli2015virtuelle,
  title={virtuelle Integration},
  author={Hakuli, Stephan and Krug, Markus},
  booktitle={Handbuch Fahrerassistenzsysteme},
  year={2015}
}

@thesis{tellmann2011hardware,
  title={Hardware-in-the-Loop-gestützte Entwicklungsplattform für Fahrerassistenzsysteme},
  author={Tellmann, Dirk},
  school={Universität Kassel},
  year={2011}
}

@online{vmodell2005,
  title={V-Modell XT},
  author={Der Beauftragte der Bundesregierung für Informationstechnik},
  url={https://www.cio.bund.de/Web/DE/Architekturen-und-Standards/V-Modell-XT/vmodell_xt_node.html},
  urldate = {2018-10-19},
  year={2005}
}

